@misc{farahani2020brief,
      title={A Brief Review of Domain Adaptation}, 
      author={Abolfazl Farahani and Sahar Voghoei and Khaled Rasheed and Hamid R. Arabnia},
      year={2020},
      eprint={2010.03978},
      archivePrefix={arXiv},
      primaryClass={cs.LG}
}